%% This BibTeX bibliography file was created using BibDesk.
%% https://bibdesk.sourceforge.io/

%% Created for Micha≈Ç Miktus at 2019-05-11 22:21:34 +0200 


%% Saved with string encoding Unicode (UTF-8) 



@article{michalakes2008gpu,
	Author = {Michalakes, John and Vachharajani, Manish},
	Date-Added = {2019-05-11 22:13:32 +0200},
	Date-Modified = {2019-05-11 22:19:25 +0200},
	Journal = {{Parallel Processing Letters}},
	Number = {04},
	Pages = {531--548},
	Publisher = {World Scientific},
	Title = {GPU acceleration of numerical weather prediction},
	Volume = {18},
	Year = {2008}}

@book{dennis1996numerical,
	Author = {Dennis Jr, John E and Schnabel, Robert B},
	Date-Added = {2019-05-10 23:01:16 +0200},
	Date-Modified = {2019-05-10 23:01:16 +0200},
	Publisher = {Siam},
	Title = {Numerical methods for unconstrained optimization and nonlinear equations},
	Volume = {16},
	Year = {1996}}

@techreport{rumelhart1985learning,
	Author = {Rumelhart, David E and Hinton, Geoffrey E and Williams, Ronald J},
	Date-Added = {2019-05-10 22:57:01 +0200},
	Date-Modified = {2019-05-11 22:20:27 +0200},
	Institution = {{California Univ San Diego La Jolla Inst for Cognitive Science}},
	Title = {Learning internal representations by error propagation},
	Year = {1985}}

@incollection{bottou2012stochastic,
	Author = {Bottou, L{\'e}on},
	Booktitle = {{Neural networks: Tricks of the trade}},
	Date-Added = {2019-05-10 22:56:05 +0200},
	Date-Modified = {2019-05-11 22:17:29 +0200},
	Pages = {421--436},
	Publisher = {Springer},
	Title = {Stochastic gradient descent tricks},
	Year = {2012}}

@incollection{vapnik2015uniform,
	Author = {Vapnik, Vladimir N and Chervonenkis, A Ya},
	Booktitle = {Measures of complexity},
	Date-Added = {2019-05-10 22:55:32 +0200},
	Date-Modified = {2019-05-10 22:55:32 +0200},
	Pages = {11--30},
	Publisher = {Springer},
	Title = {On the uniform convergence of relative frequencies of events to their probabilities},
	Year = {2015}}

@article{robbins1951stochastic,
	Author = {Robbins, Herbert and Monro, Sutton},
	Date-Added = {2019-05-10 22:43:25 +0200},
	Date-Modified = {2019-05-11 22:20:00 +0200},
	Journal = {{The Annals of Mathematical Statistics}},
	Pages = {400--407},
	Publisher = {JSTOR},
	Title = {A stochastic approximation method},
	Year = {1951}}

@article{iskrev2008evaluating,
	Author = {Iskrev, Nikolay},
	Date-Added = {2019-05-10 22:00:33 +0200},
	Date-Modified = {2019-05-11 22:18:33 +0200},
	Journal = {{Economics Letters}},
	Number = {3},
	Pages = {607--610},
	Publisher = {Elsevier},
	Title = {{Evaluating the information matrix in linearized DSGE models}},
	Volume = {99},
	Year = {2008}}

@article{mullainathan2017machine,
	Author = {Mullainathan, Sendhil and Spiess, Jann},
	Date-Added = {2019-05-10 00:26:43 +0200},
	Date-Modified = {2019-05-11 22:19:32 +0200},
	Journal = {{Journal of Economic Perspectives}},
	Number = {2},
	Pages = {87--106},
	Title = {Machine learning: an applied econometric approach},
	Volume = {31},
	Year = {2017}}

@article{andreasen2010maximize,
	Author = {Andreasen, Martin M{\o}ller},
	Date-Added = {2019-05-09 23:39:49 +0200},
	Date-Modified = {2019-05-11 22:16:23 +0200},
	Journal = {{Computational Economics}},
	Number = {2},
	Pages = {127--154},
	Publisher = {Springer},
	Title = {{How to maximize the likelihood function for a DSGE model}},
	Volume = {35},
	Year = {2010}}

@article{kalman1960new,
	Author = {Kalman, Rudolph Emil},
	Date-Added = {2019-05-09 22:30:56 +0200},
	Date-Modified = {2019-05-11 22:19:00 +0200},
	Journal = {{Journal of Basic Engineering}},
	Number = {1},
	Pages = {35--45},
	Publisher = {American Society of Mechanical Engineers},
	Title = {A new approach to linear filtering and prediction problems},
	Volume = {82},
	Year = {1960}}

@article{ruge2007methods,
	Author = {Ruge-Murcia, Francisco J},
	Date-Added = {2019-05-09 20:56:20 +0200},
	Date-Modified = {2019-05-11 22:20:16 +0200},
	Journal = {{Journal of Economic Dynamics and Control}},
	Number = {8},
	Pages = {2599--2636},
	Publisher = {Elsevier},
	Title = {Methods to estimate dynamic stochastic general equilibrium models},
	Volume = {31},
	Year = {2007}}

@article{fernandez2010econometrics,
	Author = {Fern{\'a}ndez-Villaverde, Jes{\'u}s},
	Date-Added = {2019-05-09 20:55:57 +0200},
	Date-Modified = {2019-05-11 22:18:01 +0200},
	Journal = {{SERIEs}},
	Number = {1-2},
	Pages = {3--49},
	Publisher = {Springer},
	Title = {{The econometrics of DSGE models}},
	Volume = {1},
	Year = {2010}}

@article{ireland2004method,
	Author = {Ireland, Peter N},
	Date-Added = {2019-05-09 20:55:24 +0200},
	Date-Modified = {2019-05-11 22:18:24 +0200},
	Journal = {{Journal of Economic dynamics and control}},
	Number = {6},
	Pages = {1205--1226},
	Publisher = {Elsevier},
	Title = {A method for taking models to the data},
	Volume = {28},
	Year = {2004}}

@article{boelaert2018great,
	Author = {Boelaert, Julien and Ollion, {\'E}tienne},
	Date-Added = {2019-05-09 14:20:21 +0200},
	Date-Modified = {2019-05-11 22:17:01 +0200},
	Journal = {Revue fran{\c{c}}aise de sociologie},
	Number = {3},
	Pages = {475--506},
	Publisher = {Presses de Sciences Po},
	Title = {{The Great Regression}},
	Volume = {59},
	Year = {2018}}

@book{goodfellow2016deep,
	Author = {Goodfellow, Ian and Bengio, Yoshua and Courville, Aaron},
	Date-Added = {2019-05-09 13:22:40 +0200},
	Date-Modified = {2019-05-11 22:18:14 +0200},
	Publisher = {{MIT press}},
	Title = {Deep learning},
	Year = {2016}}

@incollection{athey2018impact,
	Author = {Athey, Susan},
	Booktitle = {{The Economics of Artificial Intelligence: An Agenda}},
	Date-Added = {2019-05-09 12:16:38 +0200},
	Date-Modified = {2019-05-11 22:16:32 +0200},
	Publisher = {University of Chicago Press},
	Title = {The impact of machine learning on economics},
	Year = {2018}}

@book{bucker2006automatic,
	Author = {B{\"u}cker, H Martin and Corliss, George and Hovland, Paul and Naumann, Uwe and Norris, Boyana},
	Date-Added = {2019-05-06 20:41:41 +0200},
	Date-Modified = {2019-05-11 22:17:43 +0200},
	Publisher = {{Springer Science \& Business Media}},
	Title = {Automatic differentiation: applications, theory, and implementations},
	Volume = {50},
	Year = {2006}}

@article{baydin2018automatic,
	Author = {Baydin, Atilim Gunes and Pearlmutter, Barak A and Radul, Alexey Andreyevich and Siskind, Jeffrey Mark},
	Date-Added = {2019-05-06 19:11:22 +0200},
	Date-Modified = {2019-05-11 22:16:41 +0200},
	Journal = {{Journal of Marchine Learning Research}},
	Pages = {1--43},
	Publisher = {Microtome Publishing},
	Title = {Automatic differentiation in machine learning: a survey},
	Volume = {18},
	Year = {2018}}

@book{griewank2008evaluating,
	Author = {Griewank, Andreas and Walther, Andrea},
	Date-Added = {2019-05-06 19:02:36 +0200},
	Date-Modified = {2019-05-06 19:02:36 +0200},
	Publisher = {Siam},
	Title = {Evaluating derivatives: principles and techniques of algorithmic differentiation},
	Volume = {105},
	Year = {2008}}

@article{jerrell1997automatic,
	Author = {Jerrell, Max E},
	Date-Added = {2019-05-06 18:52:49 +0200},
	Date-Modified = {2019-05-11 22:18:49 +0200},
	Journal = {{Computational Economics}},
	Number = {3},
	Pages = {295--316},
	Publisher = {Springer},
	Title = {Automatic differentiation and interval arithmetic for estimation of disequilibrium models},
	Volume = {10},
	Year = {1997}}

@article{zhu1997algorithm,
	Author = {Zhu, Ciyou and Byrd, Richard H and Lu, Peihuang and Nocedal, Jorge},
	Date-Added = {2019-05-06 18:42:13 +0200},
	Date-Modified = {2019-05-11 22:21:32 +0200},
	Journal = {{ACM Transactions on Mathematical Software (TOMS)}},
	Number = {4},
	Pages = {550--560},
	Publisher = {ACM},
	Title = {{Algorithm 778: L-BFGS-B: Fortran subroutines for large-scale bound-constrained optimization}},
	Volume = {23},
	Year = {1997}}

@incollection{bottou2010large,
	Author = {Bottou, L{\'e}on},
	Booktitle = {{Proceedings of COMPSTAT'2010}},
	Date-Added = {2019-05-06 18:41:37 +0200},
	Date-Modified = {2019-05-11 22:17:22 +0200},
	Pages = {177--186},
	Publisher = {Springer},
	Title = {Large-scale machine learning with stochastic gradient descent},
	Year = {2010}}

@incollection{sra2011introduction,
	Author = {Sra, Suvrit and Nowozin, Sebastien and Wright, Stephen J},
	Booktitle = {{Optimization for Machine Learning}},
	Date-Added = {2019-05-06 18:36:45 +0200},
	Date-Modified = {2019-05-11 22:20:57 +0200},
	Pages = {1--17},
	Publisher = {MIT Press},
	Title = {Introduction: optimization and machine learning},
	Year = {2011}}

@article{rendahl2017linear,
	Author = {Rendahl, Pontus},
	Date-Added = {2019-04-02 23:46:43 +0200},
	Date-Modified = {2019-05-11 22:19:43 +0200},
	Title = {{Linear Time Iteration}},
	Year = {2017}}

@book{bonaldi2010identification,
	Author = {Bonaldi, Pietro and others},
	Date-Added = {2019-03-28 22:35:07 +0100},
	Date-Modified = {2019-05-11 22:17:12 +0200},
	Publisher = {Citeseer},
	Title = {{Identification problems in the solution of linearized DSGE models}},
	Year = {2010}}

@article{uhlig1998toolkit,
	Author = {Uhlig, Harald and others},
	Date-Added = {2019-03-28 18:43:03 +0100},
	Date-Modified = {2019-05-11 22:21:05 +0200},
	Journal = {{QM\&RBC Codes}},
	Publisher = {Quantitative Macroeconomics \& Real Business Cycles},
	Title = {A toolkit for analysing nonlinear dynamic stochastic models easily},
	Year = {1998}}

@techreport{villemot2011solving,
	Author = {Villemot, S{\'e}bastien and others},
	Date-Added = {2019-03-28 18:42:31 +0100},
	Date-Modified = {2019-05-11 22:21:17 +0200},
	Institution = {Citeseer},
	Title = {{Solving rational expectations models at first order: what Dynare does}},
	Year = {2011}}

@article{adjemian2011dynare,
	Author = {Adjemian, St{\'e}phane and Bastani, Houtan and Juillard, Michel and Mihoubi, Ferhat and Perendia, George and Ratto, Marco and Villemot, S{\'e}bastien},
	Date-Added = {2019-03-28 18:41:44 +0100},
	Date-Modified = {2019-05-11 22:16:10 +0200},
	Publisher = {Dynare working papers 1, CEPREMAP},
	Title = {{Dynare: Reference manual, version 4}},
	Year = {2011}}

@article{blanchard1980solution,
	Author = {Blanchard, Olivier Jean and Kahn, Charles M},
	Date-Added = {2019-03-28 18:39:49 +0100},
	Date-Modified = {2019-05-11 22:16:48 +0200},
	Journal = {{Econometrica: Journal of the Econometric Society}},
	Pages = {1305--1311},
	Publisher = {JSTOR},
	Title = {The solution of linear difference models under rational expectations},
	Year = {1980}}

@book{brown1988second,
	Author = {Brown, William Clough},
	Date-Added = {2019-03-13 10:58:43 +0100},
	Date-Modified = {2019-05-11 22:17:37 +0200},
	Publisher = {{Wiley-Interscience}},
	Title = {A second course in linear algebra},
	Year = {1988}}

@misc{roman2008graduate,
	Author = {Roman, Steven},
	Date-Added = {2019-03-13 10:57:35 +0100},
	Date-Modified = {2019-05-11 22:20:06 +0200},
	Publisher = {Springer: New York, NY, USA},
	Title = {{Graduate Texts in Mathematics, Advanced Linear Algebra}},
	Year = {2008}}

@article{gomme2011second,
	Author = {Gomme, Paul and Klein, Paul},
	Date-Added = {2019-03-12 10:17:23 +0100},
	Date-Modified = {2019-05-11 22:18:07 +0200},
	Journal = {{Journal of Economic Dynamics and Control}},
	Number = {4},
	Pages = {604--615},
	Publisher = {Elsevier},
	Title = {Second-order approximation of dynamic models without the use of tensors},
	Volume = {35},
	Year = {2011}}

@article{schmitt2004solving,
	Author = {Schmitt-Groh{\'e}, Stephanie and Uribe, Mart{\i}n},
	Date-Added = {2019-03-12 10:15:54 +0100},
	Date-Modified = {2019-05-11 22:20:40 +0200},
	Journal = {{Journal of Economic Dynamics and Control}},
	Number = {4},
	Pages = {755--775},
	Publisher = {Elsevier},
	Title = {Solving dynamic general equilibrium models using a second-order approximation to the policy function},
	Volume = {28},
	Year = {2004}}

@article{sims2002solving,
	Author = {Sims, Christopher A},
	Date-Added = {2019-03-12 10:15:01 +0100},
	Date-Modified = {2019-03-12 10:15:01 +0100},
	Journal = {Computational economics},
	Number = {1},
	Pages = {1--20},
	Publisher = {Springer},
	Title = {Solving linear rational expectations models},
	Volume = {20},
	Year = {2002}}

@article{klein2000using,
	Author = {Klein, Paul},
	Date-Added = {2019-03-12 10:13:49 +0100},
	Date-Modified = {2019-05-11 22:19:18 +0200},
	Journal = {{Journal of Economic Dynamics and Control}},
	Number = {10},
	Pages = {1405--1423},
	Publisher = {Elsevier},
	Title = {{Using the generalized Schur form to solve a multivariate linear rational expectations model}},
	Volume = {24},
	Year = {2000}}

@article{christiano2001nominal,
	Author = {Christiano, Lawrence J and Eichenbaum, Martin and Evans, Charles L},
	Date-Added = {2019-02-26 21:37:16 +0100},
	Date-Modified = {2019-05-11 21:33:07 +0200},
	Journal = {{Journal of Political Economy}},
	Publisher = {The University of Chicago Press},
	Title = {Nominal rigidities and the dynamic effects of a shock to monetary policy},
	Year = {2001}}

@article{smets2007shocks,
	Author = {Smets, Frank and Wouters, Rafael},
	Date-Added = {2019-02-26 10:25:13 +0100},
	Date-Modified = {2019-02-27 09:11:53 +0100},
	Journal = {{American Economic Review}},
	Number = {3},
	Pages = {586--606},
	Title = {{Shocks and frictions in US business cycles: A Bayesian DSGE approach}},
	Volume = {97},
	Year = {2007}}

@article{smets2003estimated,
	Author = {Smets, Frank and Wouters, Rafael},
	Date-Added = {2019-02-26 10:25:02 +0100},
	Date-Modified = {2019-02-27 09:11:23 +0100},
	Journal = {{Journal of the European Economic Association}},
	Number = {5},
	Pages = {1123--1175},
	Publisher = {Oxford University Press},
	Title = {{An estimated Dynamic Stochastic General Equilibrium model of the euro area}},
	Volume = {1},
	Year = {2003}}
