%% This BibTeX bibliography file was created using BibDesk.
%% https://bibdesk.sourceforge.io/

%% Created for Micha≈Ç Miktus at 2018-11-05 19:01:46 +0100 


%% Saved with string encoding Unicode (UTF-8) 



@article{bond2001gmm,
	Author = {Bond, Stephen and Hoeffler, Anke and Temple, Jonathan},
	Date-Added = {2018-10-27 18:17:20 +0200},
	Date-Modified = {2018-11-05 18:59:44 +0100},
	Title = {{GMM estimation of empirical growth models}},
	Year = {2001}}

@article{donald2008choosing,
	Author = {Donald, Stephen G and Imbens, Guido and Newey, Whitney},
	Date-Added = {2018-10-27 17:35:08 +0200},
	Date-Modified = {2018-10-27 17:35:08 +0200},
	Title = {Choosing the number of moments in conditional moment restriction models},
	Year = {2008}}

@article{bun2006effects,
	Author = {Bun, Maurice JG and Kiviet, Jan F},
	Date-Added = {2018-10-26 22:31:43 +0200},
	Date-Modified = {2018-11-05 18:57:43 +0100},
	Journal = {{Journal of Econometrics}},
	Number = {2},
	Pages = {409--444},
	Publisher = {Elsevier},
	Title = {{The effects of dynamic feedbacks on LS and MM estimator accuracy in panel data models}},
	Volume = {132},
	Year = {2006}}

@article{enders2001relative,
	Author = {Enders, Craig K and Bandalos, Deborah L},
	Date-Added = {2018-10-25 21:00:20 +0200},
	Date-Modified = {2018-10-25 21:00:20 +0200},
	Journal = {Structural equation modeling},
	Number = {3},
	Pages = {430--457},
	Publisher = {Taylor \& Francis},
	Title = {The relative performance of full information maximum likelihood estimation for missing data in structural equation models},
	Volume = {8},
	Year = {2001}}

@article{arbuckle1996full,
	Author = {Arbuckle, James L},
	Date-Added = {2018-10-25 20:56:00 +0200},
	Date-Modified = {2018-10-25 20:56:00 +0200},
	Journal = {Advanced structural equation modeling: Issues and techniques},
	Pages = {277},
	Publisher = {Mahwah, NJ: Erlbaum},
	Title = {Full information estimation in the presence of incomplete data},
	Volume = {243},
	Year = {1996}}

@article{hsiao2002maximum,
	Author = {Hsiao, Cheng and Pesaran, M Hashem and Tahmiscioglu, A Kamil},
	Date-Added = {2018-10-25 16:07:11 +0200},
	Date-Modified = {2018-11-05 19:01:24 +0100},
	Journal = {{Journal of Econometrics}},
	Number = {1},
	Pages = {107--150},
	Publisher = {Elsevier},
	Title = {Maximum likelihood estimation of fixed effects dynamic panel data models covering short time periods},
	Volume = {109},
	Year = {2002}}

@article{hansen1996finite,
	Author = {Hansen, Lars Peter and Heaton, John and Yaron, Amir},
	Date-Added = {2018-10-25 16:05:21 +0200},
	Date-Modified = {2018-11-05 18:56:11 +0100},
	Journal = {Journal of Business \& Economic Statistics},
	Number = {3},
	Pages = {262--280},
	Publisher = {Taylor \& Francis},
	Title = {{Finite-sample properties of some alternative GMM estimators}},
	Volume = {14},
	Year = {1996}}

@article{ahn1995efficient,
	Author = {Ahn, Seung C and Schmidt, Peter},
	Date-Added = {2018-10-25 16:04:47 +0200},
	Date-Modified = {2018-11-05 18:55:57 +0100},
	Journal = {{Journal of Econometrics}},
	Number = {1},
	Pages = {5--27},
	Publisher = {Elsevier},
	Title = {Efficient estimation of models for dynamic panel data},
	Volume = {68},
	Year = {1995}}

@article{alonso1999symmetrically,
	Author = {Alonso-Borrego, Cesar and Arellano, Manuel},
	Date-Added = {2018-10-25 16:04:23 +0200},
	Date-Modified = {2018-10-25 16:04:23 +0200},
	Journal = {Journal of Business \& Economic Statistics},
	Number = {1},
	Pages = {36--49},
	Publisher = {Taylor \& Francis},
	Title = {Symmetrically normalized instrumental-variable estimation using panel data},
	Volume = {17},
	Year = {1999}}

@article{holtz1988estimating,
	Author = {Holtz-Eakin, Douglas and Newey, Whitney and Rosen, Harvey S},
	Date-Added = {2018-10-25 15:35:01 +0200},
	Date-Modified = {2018-11-05 18:55:23 +0100},
	Journal = {{Econometrica: Journal of the Econometric Society}},
	Pages = {1371--1395},
	Publisher = {JSTOR},
	Title = {Estimating vector autoregressions with panel data},
	Year = {1988}}

@article{anderson1981estimation,
	Author = {Anderson, Theodore Wilbur and Hsiao, Cheng},
	Date-Added = {2018-10-25 15:34:10 +0200},
	Date-Modified = {2018-11-05 18:54:57 +0100},
	Journal = {{Journal of the American statistical Association}},
	Number = {375},
	Pages = {598--606},
	Publisher = {Taylor \& Francis},
	Title = {Estimation of dynamic models with error components},
	Volume = {76},
	Year = {1981}}

@article{williamsxtdpdml,
	Author = {Williams, Richard and Allison, Paul D and Moral-Benito, Enrique},
	Date-Added = {2018-10-24 21:33:49 +0200},
	Date-Modified = {2018-10-28 12:57:06 +0100},
	Title = {xtdpdml: Linear Dynamic Panel-Data Estimation using Maximum Likelihood and Structural Equation},
	Year = {2018}}

@article{moral2013likelihood,
	Author = {Moral-Benito, Enrique},
	Date-Added = {2018-10-24 21:23:27 +0200},
	Date-Modified = {2018-11-05 18:57:50 +0100},
	Journal = {{Journal of Business \& Economic Statistics}},
	Number = {4},
	Pages = {451--472},
	Publisher = {Taylor \& Francis Group},
	Title = {Likelihood-based estimation of dynamic panels with predetermined regressors},
	Volume = {31},
	Year = {2013}}

@article{blundell1998initial,
	Author = {Blundell, Richard and Bond, Stephen},
	Date-Added = {2018-10-24 21:13:35 +0200},
	Date-Modified = {2018-11-05 18:59:11 +0100},
	Journal = {{Journal of Econometrics}},
	Number = {1},
	Pages = {115--143},
	Publisher = {Elsevier},
	Title = {Initial conditions and moment restrictions in dynamic panel data models},
	Volume = {87},
	Year = {1998}}

@article{arellano1995another,
	Author = {Arellano, Manuel and Bover, Olympia},
	Date-Added = {2018-10-24 21:13:07 +0200},
	Date-Modified = {2018-11-05 18:55:42 +0100},
	Journal = {{Journal of Econometrics}},
	Number = {1},
	Pages = {29--51},
	Publisher = {Elsevier},
	Title = {Another look at the instrumental variable estimation of error-components models},
	Volume = {68},
	Year = {1995}}

@article{arellano1991some,
	Author = {Arellano, Manuel and Bond, Stephen},
	Date-Added = {2018-10-23 18:38:26 +0200},
	Date-Modified = {2018-11-05 19:00:29 +0100},
	Journal = {{The Review of Economic Studies}},
	Number = {2},
	Pages = {277--297},
	Publisher = {Wiley-Blackwell},
	Title = {{Some tests of specification for panel data: Monte Carlo evidence and an application to employment equations}},
	Volume = {58},
	Year = {1991}}

@article{moral2017dynamic,
	Author = {Moral-Benito, Enrique and Allison, Paul D and Williams, Richard A},
	Date-Added = {2018-10-23 18:37:35 +0200},
	Date-Modified = {2018-10-23 18:41:20 +0200},
	Title = {{Dynamic panel data modelling using maximum likelihood: an alternative to Arellano-Bond}},
	Year = {2017}}
